@book{Aggarwal2013,
author = {Aggarwal, Charu C.},
isbn = {978-1-4614-6395-5},
pages = {446},
publisher = {Springer},
title = {{Outlier Analysis}},
url = {http://link.springer.com/book/10.1007\%2F978-1-4614-6396-2},
year = {2013}
}
@book{Hawkins1980,
author = {Hawkins, D.M.},
editor = {Cox, D.R.},
isbn = {978-94-015-3996-8},
pages = {188},
publisher = {Springer},
title = {{Identification of Outliers}},
url = {http://download.springer.com/static/pdf/251/bok\%3A978-94-015-3994-4.pdf?auth66=1414759003\_c7bfa7334c8d0b412dc4385a08f7124c\&ext=.pdf},
year = {1980}
}
@inproceedings{Ilyas2004,
address = {New York, New York, USA},
author = {Ilyas, Ihab F. and Markl, Volker and Haas, Peter and Brown, Paul and Aboulnaga, Ashraf},
booktitle = {Proceedings of the 2004 ACM SIGMOD international conference on Management of data - SIGMOD '04},
doi = {10.1145/1007568.1007641},
file = {:Users/rhardin/Library/Application Support/Mendeley Desktop/Downloaded/Ilyas et al. - 2004 - CORDS.pdf:pdf},
isbn = {1581138598},
month = jun,
pages = {647},
publisher = {ACM Press},
title = {{CORDS}},
url = {http://dl.acm.org/citation.cfm?id=1007568.1007641},
year = {2004}
}
@inproceedings{Kriegel2009,
address = {New York, New York, USA},
author = {Kriegel, Hans-Peter and Kr\"{o}ger, Peer and Schubert, Erich and Zimek, Arthur},
booktitle = {Proceeding of the 18th ACM conference on Information and knowledge management - CIKM '09},
doi = {10.1145/1645953.1646195},
file = {:Users/rhardin/Library/Application Support/Mendeley Desktop/Downloaded/Kriegel et al. - 2009 - LoOP.pdf:pdf},
isbn = {9781605585123},
keywords = {outlier detection},
month = nov,
pages = {1649},
publisher = {ACM Press},
title = {{LoOP}},
url = {http://dl.acm.org/citation.cfm?id=1645953.1646195},
year = {2009}
}
@inproceedings{Zhang2004,
address = {Toronto},
author = {Zhang, Ji and Lou, Meng and {Wang Ling}, Tok and Wang, Hai},
booktitle = {Proceedings of the 30th VLDB Conference},
pages = {1265--1268},
title = {{HOS-Miner: A System for Detecting Outlying Subspaces of High-dimensional Data}},
url = {http://www.vldb.org/conf/2004/DEMP5.PDF},
year = {2004}
}
